@inbook{levenshtein,
	author="Левенштейн В. И.",
	title="Двоичные коды с исправлением выпадений, вставок и замещений символов",
	publisher="--- М.: Издательство «Наука», Доклады АН СССР",
	volume=163,
	chapter=4,
	page="845--848",
	language="russian",
	year=1965
}

@inbook{book_vinograd,
	author="Д. Л. Головашкин",
	title="Векторные алгоритмы вычислительной линейной алгебры:
	учеб. пособие.",
	publisher="--- Самара: Изд-во Самарского университета",
	pages="28-35",
	language="russian",
	year=2019
}
 

@misc{matrix,
	title="Конспект лекций, читаемых в курсе «Высшая математика» Южного федерального университета",
	howpublished="Режим доступа: \url{http://mmtb.uginfo.sfedu.ru/algebra/Print/print_I-1.pdf} (дата обращения: 07.12.2023)."
}

@misc{strassen,
	title="Gaussian Elimination is not Optimal",
	howpublished="Режим доступа: \url{https://www2.math.uconn.edu/~leykekhman/courses/MATH_5510/fa_2016/papers/fast_matrix.pdf} (дата обращения: 07.12.2023)."
}

@misc{python,
	title="The official home of the Python Programming Language [Электронный ресурс].",
	howpublished="Режим доступа: \url{https://www.python.org/} (дата обращения: 07.12.2023)."
}

@misc{python-time,
	title="time — Time access and conversions [Электронный ресурс].",
	howpublished="Режим доступа: \url{https://docs.python.org/3/library/time.html} (дата обращения: 07.12.2023)."
}

@misc{windows,
	title="Windows 10 Pro 22h2 64-bit  [Электронный ресурс]",
	howpublished="Режим доступа: \url{https://www.microsoft.com/ru-ru/software-download/windows10} (дата обращения: 07.12.2023)."
}

@misc{intel,
	title = {Intel Core i5-10400F},
	howpublished = "Режим доступа: \url{https://openbenchmarking.org/s/Intel+Core+i5-10400F} (дата обращения 07.12.2023)."
}
