@inbook{knut,
	author="Кнут Д. Э.",
	title="Искусство программирования, том 3. Сортировка и поиск, 2-е изд.",
	publisher="Пер. с англ. М.: ООО 'И. Д. Вильямс'",
	volume=832,
	language="russian",
	year=2007
}

@misc{quicksort,
	title="Быстрая сортировка: [Электронный ресурс].",
	howpublished="Режим доступа: \url{https://kvodo.ru/quicksort.html} (дата обращения: 01.12.2023)."
}

@misc{selectionsort,
	title="Сортировка выбором: [Электронный ресурс].",
	howpublished="Режим доступа: \url{https://kvodo.ru/sortirovka-vyiborom-2.html} (дата обращения: 01.12.2023)."
}

@misc{python,
	title="The official home of the Python Programming Language [Электронный ресурс].",
	howpublished="Режим доступа: \url{https://www.python.org/} (дата обращения: 01.12.2023)."
}

@misc{python-time,
	title="time — Time access and conversions [Электронный ресурс].",
	howpublished="Режим доступа: \url{https://docs.python.org/3/library/time.html} (дата обращения: 01.12.2023)."
}

@misc{windows,
	title="Windows 10 Pro 22h2 64-bit  [Электронный ресурс]",
	howpublished="Режим доступа: \url{https://www.microsoft.com/ru-ru/software-download/windows10} (дата обращения: 01.12.2023)."
}

@misc{intel,
	title = {Intel Core i5-10400F},
	howpublished = "Режим доступа: \url{https://openbenchmarking.org/s/Intel+Core+i5-10400F} (дата обращения 30.11.2023)."
}