@online{intel,
	title = {Intel Core i5-10400F},
	url = {https://openbenchmarking.org/s/Intel+Core+i5-10400F	},
	urldate = {2023-30-11},
}

@online{time,
	title = {Python Standard Library - Time},
	url = {https://docs.python.org/3/library/time.html},
	urldate = {2023-11-30},
}

@online{vscode,
	title = {Документация к Visual Studio Code},
	url = {https://code.visualstudio.com/docs},
	urldate = {2023-11-30},
}

@online{python,
	title = {Документация к языку Python},
	url = {https://docs.python.org/3/},
	urldate = {2023-11-30},
}

@online{definition-lev,
	author = {Мясоедова Виктория Алексеевна},
	title = {ОБЗОР ПАКЕТА STRINGDIST ЯЗЫКА ПРОГРАММИРОВАНИЯ R ДЛЯ АЛГОРИТМА "РАССТОЯНИЕ ЛЕВЕНШТЕЙНА"},
	year = {2023},
	journal = {E-Scio. 2023. №1 (76)},
	url = {https://cyberleninka.ru/article/n/obzor-paketa-stringdist-yazyka-programmirovaniya-r-dlya-algoritma-rasstoyanie-levenshteyna},
	urldate = {2023-11-30},
}